@article{usingsmartphone,
	title={Mobile phone and smartphone use by people with serious mental illness},
	author={Young, Alexander S and Cohen, Amy N and Niv, Noosha and Nowlin-Finch, Nancy and Oberman, Rebecca S and Olmos-Ochoa, Tanya T and Goldberg, Richard W and Whelan, Fiona},
	journal={Psychiatric services},
	volume={71},
	number={3},
	pages={280--283},
	year={2020},
	publisher={Am Psychiatric Assoc}
}

@article{schadler2012mobile,
	title={Mobile is the new face of engagement},
	author={Schadler, Ted and McCarthy, John C},
	journal={Forrester Research},
	volume={13},
	pages={1--30},
	year={2012}
}

@article{zawadzki2011attitudes,
	title={Attitudes towards Alzheimer's disease as a risk factor for caregiver burden},
	author={Zawadzki, L and Mondon, K and Peru, N and Hommet, C and Constans, T and Gaillard, Ph and Camus, V},
	journal={International psychogeriatrics},
	volume={23},
	number={9},
	pages={1451--1461},
	year={2011},
	publisher={Cambridge University Press}
}

@article{nawrocki2021comparison,
	title={A comparison of native and cross-platform frameworks for mobile applications},
	author={Nawrocki, Piotr and Wrona, Krzysztof and Marczak, Mateusz and Sniezynski, Bartlomiej},
	journal={Computer},
	volume={54},
	number={3},
	pages={18--27},
	year={2021},
	publisher={IEEE}
}

@article{Study1,
	title={Evaluating the Effectiveness of a Mobile Health Tracking System for Chronic Disease Management},
	author={},
	journal={Clinical Trials},
	volume={12},
	number={3},
	pages={123-130},
	year={2011},
	publisher={}
}

@article{Study2,
	title={The Impact of a Mobile Health Tracking App on Patient Outcomes},
	author={},
	journal={Medical Internet Research},
	volume={18},
	number={12},
	pages={e317},
	year={2016},
	publisher={}
}

@article{Study3,
	title={A Systematic Review of Mobile Health Apps for Chronic Disease Management},
	author={},
	journal={Medical Internet Research},
	volume={20},
	number={1},
	pages={e12},
	year={2018},
	publisher={}
}
@book{book1,
	title={A guide to the project management body of knowledge (PMBOK guide)},
	author={Newtown Square, PA: Project Management Institute},
	year={2017},
	publisher={Project Management Institute}
}
@book{book2,
	title={Risk management – Guidelines},
	author={Geneva, Switzerland: International Organization for Standardizatio},
	year={},
	publisher={ISO 31000:2018(E)}
}

Project Management Institute. (2017). A guide to the project management body of knowledge (PMBOK guide). Newtown Square, PA: Project Management Institute.


ISO 31000:2018(E). Risk management – Guidelines. Geneva, Switzerland: International Organization for Standardizatio
